@article{lafferty2001crf,
  title={{Conditional random fields: Probabilistic models for segmenting and labeling sequence data}},
  author={Lafferty, J. and McCallum, A. and Pereira, F.},
  journal={Proc. 18th International Conf. on Machine Learning},
  pages={282--289},
  year={2001}
}

% Appended by bibshell Wed May 14 21:03:47 2008
@article{gordon:gsr,
  title={{Generalizing Semantic Role Annotations Across Syntactically Similar Verbs}},
  author={Gordon, A.S. and Swanson, R.},
  journal={Proceedings of the 45th Annual Meeting of the Association of Computational Linguistics},
  pages={192--199},
  publisher={Association for Computational Linguistics}
}

@article{pedersen2004wsm,
  title={{WordNet::Similarity - Measuring the Relatedness of Concepts}},
  author={Pedersen, T. and Patwardhan, S. and Michelizzi, J.},
  journal={Proceedings of the Nineteenth National Conference on Artificial Intelligence (AAAI-04)},
  pages={1024--1025},
  year={2004}
}

@article{gordon2007asc,
  title={{Automated story capture from internet weblogs}},
  author={Gordon, A.S. and Cao, Q. and Swanson, R.},
  journal={Proceedings of the 4th International Conference on Knowledge Capture},
  pages={167--168},
  year={2007},
  publisher={ACM New York, NY, USA}
}

@article{gordon2008sfs,
  title={{StoryUpgrade: finding stories in internet weblogs}},
  author={Gordon, A.S. and Swanson, R.},
  journal={Proceedings of the International Conference on Weblogs and Social Media},
  year={2008}
}


% Appended by bibshell Wed May 14 21:32:30 2008
@article{indyk1998ann,
  title={{Approximate nearest neighbors: towards removing the curse of dimensionality}},
  author={Indyk, P. and Motwani, R.},
  journal={Proceedings of the thirtieth annual ACM Symposium on Theory of Computing},
  pages={604--613},
  year={1998},
  publisher={ACM Press New York, NY, USA}
}

@article{broder2000mwi,
  title={{Min-Wise Independent Permutations}},
  author={Broder, A.Z. and Charikar, M. and Frieze, A.M. and Mitzenmacher, M.},
  journal={Journal of Computer and System Sciences},
  volume={60},
  number={3},
  pages={630--659},
  year={2000},
  publisher={Elsevier}
}


% Appended by bibshell Tue Jul 22 00:45:14 2008
@article{collinsthompson2005qeu,
  title={{Query expansion using random walk models}},
  author={Collins-Thompson, K. and Callan, J.},
  journal={Proceedings of the 14th ACM international conference on Information and knowledge management},
  pages={704--711},
  year={2005},
  publisher={ACM Press New York, NY, USA}
}

@article{cheng2007rvq,
  title={{Recommendation via Query Centered Random Walk on K-Partite Graph}},
  author={Cheng, H. and Tan, P.N. and Sticklen, J. and Punch, W.F.},
  journal={Data Mining, 2007. ICDM 2007. Seventh IEEE International Conference on},
  pages={457--462},
  year={2007}
}


% Appended by bibshell Tue Jul 22 00:53:35 2008
@article{agrawal1993ess,
  title={{Efficient similarity search in sequence databases}},
  author={Agrawal, R. and Faloutsos, C. and Swami, A.},
  journal={Proceedings of the 4th International Conference on Foundations of Data Organization and Algorithms},
  pages={69--84},
  year={1993},
  publisher={Springer}
}

@misc{page1998pcr,
  title={{The pagerank citation ranking: Bringing order to the web}},
  author={Page, L. and Brin, S. and Motwani, R. and Winograd, T.},
  year={1998},
  publisher={Technical report, Stanford Digital Library Technologies Project, 1998}
}


% Appended by bibshell Wed Jul 23 01:13:34 2008
@article{munkres1957aaa,
  title={{Algorithms for the assignment and transportation problems}},
  author={Munkres, J.},
  journal={Journal of the Society of Industrial and Applied Mathematics},
  volume={5},
  number={1},
  pages={32--38},
  year={1957},
  publisher={JSTOR}
}

