@article{barzilay2008modeling,
  title={{Modeling local coherence: An entity-based approach}},
  author={Barzilay, R. and Lapata, M.},
  journal={Computational Linguistics},
  volume={34},
  number={1},
  pages={1--34},
  year={2008},
  publisher={MIT Press}
}

@article{blei2003latent,
  title={{Latent dirichlet allocation}},
  author={Blei, D.M. and Ng, A.Y. and Jordan, M.I.},
  journal={The Journal of Machine Learning Research},
  volume={3},
  pages={993--1022},
  year={2003},
  publisher={MIT Press Cambridge, MA, USA}
}

@article{blei2004hierarchical,
  title={{Hierarchical topic models and the nested Chinese restaurant process}},
  author={Blei, D. and Griffiths, T.L. and Jordan, M.I. and Tenenbaum, J.B.},
  journal={Advances in neural information processing systems},
  volume={16},
  pages={106},
  year={2004},
  publisher={Citeseer}
}

@conference{burton2009icwsm,
  title={{The ICWSM 2009 Spinn3r Dataset}},
  author={Burton, K. and Java, A. and Soboroff, I.},
  booktitle={Proceedings of the Third Annual Conference on Weblogs and Social Media (ICWSM 2009)},
  year={2009}
}

@article{griffiths2004finding,
  title={{Finding scientific topics}},
  author={Griffiths, T.L. and Steyvers, M.},
  journal={Proceedings of the National Academy of Sciences},
  volume={101},
  number={Suppl 1},
  pages={5228},
  year={2004},
  publisher={National Acadamy of Sciences}
}

@conference{heinrich2009generic,
  title={{A generic approach to topic models}},
  author={Heinrich, G.},
  booktitle={ECML/PKDD},
  year={2009},
  organization={Springer}
}

@conference{hofmann1999probabilistic,
  title={{Probabilistic latent semantic indexing}},
  author={Hofmann, T.},
  booktitle={Proceedings of the 22nd annual international ACM SIGIR conference on Research and development in information retrieval},
  pages={50--57},
  year={1999},
  organization={ACM New York, NY, USA}
}

@conference{li2006pachinko,
  title={{Pachinko allocation: DAG-structured mixture models of topic correlations}},
  author={Li, W. and McCallum, A.},
  booktitle={Proceedings of the 23rd International Conference on Machine learning},
  pages={584},
  year={2006},
  organization={ACM}
}

@article{marcus1994building,
  title={{Building a large annotated corpus of English: The Penn Treebank}},
  author={Marcus, M.P. and Santorini, B. and Marcinkiewicz, M.A.},
  journal={Computational linguistics},
  volume={19},
  number={2},
  pages={313--330},
  year={1994}
}


@conference{shafiei2006latent,
  title={{Latent dirichlet co-clustering}},
  author={Shafiei, M.M. and Milios, E.E.},
  booktitle={Proceedings of the Sixth International Conference on Data Mining},
  pages={542--551},
  year={2006},
  organization={IEEE Computer Society}
}


