@article{jour,
  title={{Identification of common molecular subsequences}},
  author={Smith, TF and Waterman, MS},
  journal={Journal of molecular biology},
  volume={147},
  number={1},
  pages={195--197},
  year={1981},
  publisher={Elsevier}
}

@article{lncschap,
  title={{ZIB Structure Prediction Pipeline: Composing a Complex Biological Workflow through Web Services}},
  author={May, P. and Ehrlich, H. and Steinke, T.},
  journal={LECTURE NOTES IN COMPUTER SCIENCE},
  volume={4128},
  pages={1148},
  year={2006},
  publisher={Springer}
}

@book{book,
  title={{The grid: blueprint for a new computing infrastructure}},
  author={Foster, I. and Kesselman, C.},
  year={2004},
  publisher={Morgan Kaufmann}
}

@conference{proceeding1,
  title={{Grid information services for distributed resource sharing}},
  author={Czajkowski, K. and Fitzgerald, S. and Foster, I. and Kesselman, C.},
  booktitle={10th IEEE International Symposium on High Performance Distributed Computing},
  volume={184},
  year={2001},
  organization={San Francisco}
}

