@article{adomavicius2005tng,
  title={{Toward the next generation of recommender systems: a survey of the state-of-the-art and possible extensions}},
  author={Adomavicius, G. and Tuzhilin, A.},
  journal={Knowledge and Data Engineering, IEEE Transactions on},
  volume={17},
  number={6},
  pages={734--749},
  year={2005}
}

@article{blei2003lda,
  title={{Latent dirichlet allocation}},
  author={Blei, D.M. and Ng, A.Y. and Jordan, M.I.},
  journal={The Journal of Machine Learning Research},
  volume={3},
  pages={993--1022},
  year={2003},
  publisher={MIT Press Cambridge, MA, USA}
}

@article{breese1998eap,
  title={{Empirical analysis of predictive algorithms for collaborative filtering}},
  author={Breese, J.S. and Heckerman, D. and Kadie, C. and others},
  journal={Proceedings of the Fourteenth Conference on Uncertainty in Artificial Intelligence},
  volume={461},
  year={1998}
}

@article{broder1997rac,
  title={{On the resemblance and containment of documents}},
  author={Broder, A.},
  journal={Proceedings of the Compression and Complexity of Sequences},
  pages={21},
  year={1997}
}

@article{buhler2001els,
  title={{Efficient large-scale sequence comparison by locality-sensitive hashing}},
  author={Buhler, J.},
  journal={Bioinformatics},
  volume={17},
  number={5},
  pages={419--428},
  year={2001}
}

@article{charikar2002set,
  title={{Similarity estimation techniques from rounding algorithms}},
  author={Charikar, M.S.},
  journal={Proceedings of the thiry-fourth annual ACM symposium on Theory of computing},
  pages={380--388},
  year={2002},
  publisher={ACM Press New York, NY, USA}
}

@article{cohen1997sef,
  title={{Size-estimation framework with applications to transitive closure and reachability}},
  author={Cohen, E.},
  journal={JCSS},
  volume={55},
  number={3},
  pages={441--453},
  year={1997}
}

@article{cohen2001fia,
  title={{Finding interesting associations without support pruning}},
  author={Cohen, E. and Datar, M. and Fujiwara, S. and Gionis, A. and Indyk, P. and Motwani, R. and Ullman, JD and Yang, C.},
  journal={Knowledge and Data Engineering, IEEE Transactions on},
  volume={13},
  number={1},
  pages={64--78},
  year={2001}
}

@article{chang2006bds,
  title={{Bigtable: A Distributed Storage System for Structured Data}},
  author={Chang, F. and Dean, J. and Ghemawat, S. and Hsieh, W.C. and Wallach, D.A. and Burrows, M. and Chandra, T. and Fikes, A. and Gruber, R.E.},
  journal={To appear in OSDI},
  pages={1},
  year={2006}
}

@article{datar2004lsh,
  title={{Locality-sensitive hashing scheme based on p-stable distributions}},
  author={Datar, M. and Immorlica, N. and Indyk, P. and Mirrokni, V.S.},
  journal={Proceedings of the twentieth annual symposium on Computational geometry},
  pages={253--262},
  year={2004},
  publisher={ACM Press New York, NY, USA}
}

@article{dean:msd,
  title={{MapReduce: Simplified Data Processing on Large Clusters}},
  author={Dean, J. and Ghemawat, S.}
}

@article{gionis1999ssh,
  title={{Similarity search in high dimensions via hashing}},
  author={Gionis, A. and Indyk, P. and Motwani, R.},
  journal={Proceedings of the 25th International Conference on Very Large Data Bases},
  pages={518--529},
  year={1999}
}

@article{hofmann2004lsm,
  title={{Latent semantic models for collaborative filtering}},
  author={Hofmann, T.},
  journal={ACM Transactions on Information Systems (TOIS)},
  volume={22},
  number={1},
  pages={89--115},
  year={2004},
  publisher={ACM Press New York, NY, USA}
}

@article{indyk2001sam,
  title={{A Small Approximately Min-Wise Independent Family of Hash Functions}},
  author={Indyk, P.},
  journal={Journal of Algorithms},
  volume={38},
  number={1},
  pages={84--90},
  year={2001},
  publisher={Elsevier}
}

@article{indyk1998ann,
  title={{Approximate nearest neighbors: towards removing the curse of dimensionality}},
  author={Indyk, P. and Motwani, R.},
  journal={Proceedings of the thirtieth annual ACM symposium on Theory of computing},
  pages={604--613},
  year={1998},
  publisher={ACM Press New York, NY, USA}
}

@article{marlin2004mmf,
  title={{The multiple multiplicative factor model for collaborative filtering}},
  author={Marlin, B. and Zemel, R.S.},
  journal={ACM International Conference Proceeding Series},
  year={2004},
  publisher={ACM Press New York, NY, USA}
}

@book{motwani1995ra,
  title={{Randomized Algorithms}},
  author={Motwani, R. and Raghavan, P.},
  year={1995},
  publisher={Cambridge University Press}
}

@article{resnick:goa,
  title={{GroupLens: An Open Architecture for Collaborative Filtering of Netnews}},
  author={Resnick, P. and Iacovou, N. and Suchak, M. and Bergstrom, P. and Riedl, J.}
}

@article{sarwar2000adr,
  title={{Application of dimensionality reduction in recommender systems}},
  author={Sarwar, B. and Karypis, G. and Konstan, J. and Riedl, J.},
  journal={ACM WebKDD Workshop (Boston, MA, USA, August 2000)}
}

@article{sarwar2001ibc,
  title={{Item-based collaborative filtering recommendation algorithms}},
  author={Sarwar, B. and Karypis, G. and Konstan, J. and Reidl, J.},
  journal={Proceedings of the 10th international conference on World Wide Web},
  pages={285--295},
  year={2001},
  publisher={ACM Press New York, NY, USA}
}

@article{shani2005mbr,
  title={{An MDP-Based Recommender System}},
  author={Shani, G. and Heckerman, D. and Brafman, R.I.},
  journal={The Journal of Machine Learning Research},
  volume={6},
  pages={1265--1295},
  year={2005},
  publisher={MIT Press Cambridge, MA, USA}
}

@article{yu:ist,
  title={{Instance Selection Techniques for Memory-Based Collaborative Filtering}},
  author={Yu, K. and Xu, X. and Tao, J. and Ester, M. and Kriegel, H.P.},
  journal={Proc. SIAM Intâ€™l Conf. Data Mining},
  pages={59--74}
}
