@article{dean2004msd,
  title={{MapReduce: Simplified Data Processing on Large Clusters}},
  author={Dean, J. and Ghemawat, S.},
  journal={To appear in OSDI},
  pages={1},
  year={2004}
}

@article{lin1998ara,
  title={{Automatic retrieval and clustering of similar words}},
  author={Lin, D.},
  journal={Proceedings of the 17th international conference on Computational linguistics},
  pages={768--774},
  year={1998}
}

@article{turney2001mws,
  title={{Mining the Web for synonyms: PMI-IR versus LSA on TOEFL}},
  author={Turney, P.D.},
  journal={Proceedings of the Twelfth European Conference on Machine Learning},
  pages={491--502},
  year={2001}
}


